@article{bajcsy1988active,
  title={Active perception},
  author={Bajcsy, Ruzena},
  journal={Proceedings of the IEEE},
  volume={76},
  number={8},
  pages={966--1005},
  year={1988},
  publisher={IEEE}
}

@book{lynch2017modern,
  title={Modern Robotics: Mechanics, Planning, and Control},
  author={Lynch, K.M. and Park, F.C.},
  isbn={9781316609842},
  lccn={2017302004},
  url={https://books.google.com.br/books?id=86G0nQAACAAJ},
  year={2017},
  publisher={Cambridge University Press}
}

@article{thrun2000probabilistic,
  title={Probabilistic algorithms in robotics},
  author={Thrun, Sebastian},
  journal={Ai Magazine},
  volume={21},
  number={4},
  pages={93--93},
  year={2000}
}

@misc{bongard2006probabilistic,
  title={Probabilistic robotics. sebastian thrun, wolfram burgard, and dieter fox.(2006, mit press.) 647 pages},
  author={Bongard, Josh},
  year={2006},
  publisher={MIT Press}
}

@book{lewis2017optimal,
  title={Optimal and robust estimation: with an introduction to stochastic control theory},
  author={Lewis, Frank L and Xie, Lihua and Popa, Dan},
  year={2017},
  publisher={CRC press}
}

@book{feynman2019sopode,
  title={Só pode ser brincadeira, Sr. Feynman!: as excêntricas aventuras de um físico},
  author={Feynman, Richard P.},
  year={2019},
  publisher={Intrínseca}
}